<record><leader>00000cas a22000007a 4500</leader><controlfield tag="001">37136336</controlfield><controlfield tag="008">970617d18921893okudn n       0    0eng d</controlfield><datafield ind1=" " ind2=" " tag="010"><subfield code="a">sn 97064941 </subfield></datafield><datafield ind1=" " ind2=" " tag="040"><subfield code="a">OBN</subfield><subfield code="b">eng</subfield><subfield code="c">OBN</subfield><subfield code="d">CRL</subfield><subfield code="d">OCLCQ</subfield><subfield code="d">OCLCF</subfield><subfield code="d">OCLCO</subfield></datafield><datafield ind1="1" ind2=" " tag="029"><subfield code="a">AU@</subfield><subfield code="b">000013335442</subfield></datafield><datafield ind1=" " ind2=" " tag="042"><subfield code="a">msc</subfield></datafield><datafield ind1=" " ind2=" " tag="043"><subfield code="a">n-us-ok</subfield></datafield><datafield ind1="0" ind2=" " tag="130"><subfield code="a">Daily leader (Guthrie, Okla.)</subfield></datafield><datafield ind1="1" ind2="4" tag="245"><subfield code="a">The daily leader.</subfield></datafield><datafield ind1="3" ind2=" " tag="246"><subfield code="a">Leader</subfield></datafield><datafield ind1=" " ind2=" " tag="260"><subfield code="a">Guthrie, Okla. :</subfield><subfield code="b">Roy Hoffman,</subfield><subfield code="c">-1893.</subfield></datafield><datafield ind1=" " ind2=" " tag="300"><subfield code="a">v.</subfield></datafield><datafield ind1=" " ind2=" " tag="310"><subfield code="a">Daily (except Mon.)</subfield></datafield><datafield ind1="0" ind2=" " tag="362"><subfield code="a">-v. 1, no. 234 (Sept. 2, 1893).</subfield></datafield><datafield ind1="1" ind2=" " tag="362"><subfield code="a">Began in 1892.</subfield></datafield><datafield ind1=" " ind2=" " tag="530"><subfield code="a">Also issued on microfilm from Oklahoma Historical Society.</subfield></datafield><datafield ind1=" " ind2=" " tag="588"><subfield code="a">Description based on: Vol. 1, no. 175 (June 24, 1893).</subfield></datafield><datafield ind1=" " ind2="0" tag="651"><subfield code="a">Guthrie (Okla.)</subfield><subfield code="v">Newspapers.</subfield></datafield><datafield ind1=" " ind2="0" tag="651"><subfield code="a">Logan County (Okla.)</subfield><subfield code="v">Newspapers.</subfield></datafield><datafield ind1=" " ind2="7" tag="655"><subfield code="a">Newspapers.</subfield><subfield code="2">fast</subfield><subfield code="0">(OCoLC)fst01423814</subfield></datafield><datafield ind1=" " ind2="7" tag="651"><subfield code="a">Oklahoma</subfield><subfield code="z">Guthrie.</subfield><subfield code="2">fast</subfield><subfield code="0">(OCoLC)fst01220328</subfield></datafield><datafield ind1=" " ind2="7" tag="651"><subfield code="a">Oklahoma</subfield><subfield code="z">Logan County.</subfield><subfield code="2">fast</subfield><subfield code="0">(OCoLC)fst01205715</subfield></datafield><datafield ind1=" " ind2=" " tag="752"><subfield code="a">United States</subfield><subfield code="b">Oklahoma</subfield><subfield code="c">Logan</subfield><subfield code="d">Guthrie.</subfield></datafield><datafield ind1="0" ind2=" " tag="775"><subfield code="t">Oklahoma leader</subfield><subfield code="w">(DLC)sn 97064943</subfield><subfield code="w">(OCoLC)37136904</subfield></datafield><datafield ind1="0" ind2="0" tag="785"><subfield code="t">Guthrie daily leader</subfield><subfield code="w">(DLC)sn 86063952</subfield><subfield code="w">(OCoLC)13748544</subfield></datafield></record>